<?xml version="1.0" encoding="UTF-8"?>
<Document xmlns="urn:iso:std:iso:20022:tech:xsd:camt.054.001.04" xmlns:xsi="http://www.w3.org/2001/XMLSchema-instance" xsi:schemaLocation="urn:iso:std:iso:20022:tech:xsd:camt.054.001.04 camt.054.001.04.xsd"><BkToCstmrDbtCdtNtfctn><GrpHdr><MsgId>20170613375204001186594</MsgId><CreDtTm>2017-06-13T23:08:28</CreDtTm><MsgPgntn><PgNb>1</PgNb><LastPgInd>true</LastPgInd></MsgPgntn><AddtlInf>Productive</AddtlInf></GrpHdr><Ntfctn><Id>20170613375204001186593</Id><CreDtTm>2017-06-13T23:08:28</CreDtTm><FrToDt><FrDtTm>2017-06-13T00:00:00</FrDtTm><ToDtTm>2017-06-13T23:59:59</ToDtTm></FrToDt><Acct><Id><IBAN>CH6909000000149150954</IBAN></Id><Ownr><Nm>SOCIETE DES TAMBOURS DE CONTHEY Festival 2017 Erde</Nm></Ownr></Acct><Ntry><NtryRef>011037434</NtryRef><Amt Ccy="CHF">1450.00</Amt><CdtDbtInd>CRDT</CdtDbtInd><RvslInd>false</RvslInd><Sts>BOOK</Sts><BookgDt><Dt>2017-06-13</Dt></BookgDt><ValDt><Dt>2017-06-14</Dt></ValDt><AcctSvcrRef>20170614007602772326111000000012</AcctSvcrRef><BkTxCd><Domn><Cd>PMNT</Cd><Fmly><Cd>RCDT</Cd><SubFmlyCd>VCOM</SubFmlyCd></Fmly></Domn></BkTxCd><NtryDtls><Btch><NbOfTxs>5</NbOfTxs></Btch><TxDtls><Refs><AcctSvcrRef>170613CH01WW7W7W</AcctSvcrRef><EndToEndId>NOTPROVIDED</EndToEndId><Prtry><Tp>01</Tp><Ref>170613CH01WW7W7W</Ref></Prtry></Refs><Amt Ccy="CHF">250.00</Amt><CdtDbtInd>CRDT</CdtDbtInd><BkTxCd><Domn><Cd>PMNT</Cd><Fmly><Cd>RCDT</Cd><SubFmlyCd>ATXN</SubFmlyCd></Fmly></Domn></BkTxCd><RltdPties><Dbtr><Nm>Udry Cuisines SA</Nm><PstlAdr><AdrLine>rue de Lausanne 54</AdrLine><AdrLine>1950 Sion</AdrLine></PstlAdr></Dbtr><DbtrAcct><Id><IBAN>CH2500765001026439907</IBAN></Id></DbtrAcct></RltdPties><RltdAgts><DbtrAgt><FinInstnId><ClrSysMmbId><MmbId>765</MmbId></ClrSysMmbId><Nm>Banque Cantonale du Valais</Nm><PstlAdr><AdrLine>Place des Cèdres 8</AdrLine><AdrLine>1951 Sion/Sitten</AdrLine></PstlAdr></FinInstnId></DbtrAgt></RltdAgts><RmtInf><Strd><CdtrRefInf><Tp><CdOrPrtry><Prtry>ISR Reference</Prtry></CdOrPrtry></Tp><Ref>000000000120170101571705302</Ref></CdtrRefInf><AddtlRmtInf>?REJECT?0</AddtlRmtInf></Strd></RmtInf><RltdDts><AccptncDtTm>2017-06-13T20:00:00</AccptncDtTm></RltdDts></TxDtls><TxDtls><Refs><AcctSvcrRef>170613CH01WW6UG8</AcctSvcrRef><EndToEndId>NOTPROVIDED</EndToEndId><Prtry><Tp>01</Tp><Ref>170613CH01WW6UG8</Ref></Prtry></Refs><Amt Ccy="CHF">500.00</Amt><CdtDbtInd>CRDT</CdtDbtInd><BkTxCd><Domn><Cd>PMNT</Cd><Fmly><Cd>RCDT</Cd><SubFmlyCd>ATXN</SubFmlyCd></Fmly></Domn></BkTxCd><RltdPties><Dbtr><Nm>Bhl Beton SA</Nm><PstlAdr><AdrLine>Route d'Aproz 12</AdrLine><AdrLine>1950 Sion</AdrLine></PstlAdr></Dbtr><DbtrAcct><Id><IBAN>CH1400765000U08629967</IBAN></Id></DbtrAcct></RltdPties><RltdAgts><DbtrAgt><FinInstnId><ClrSysMmbId><MmbId>765</MmbId></ClrSysMmbId><Nm>Banque Cantonale du Valais</Nm><PstlAdr><AdrLine>Place des Cèdres 8</AdrLine><AdrLine>1951 Sion/Sitten</AdrLine></PstlAdr></FinInstnId></DbtrAgt></RltdAgts><RmtInf><Strd><CdtrRefInf><Tp><CdOrPrtry><Prtry>ISR Reference</Prtry></CdOrPrtry></Tp><Ref>000000000120170102181705308</Ref></CdtrRefInf><AddtlRmtInf>?REJECT?0</AddtlRmtInf></Strd></RmtInf><RltdDts><AccptncDtTm>2017-06-13T20:00:00</AccptncDtTm></RltdDts></TxDtls><TxDtls><Refs><AcctSvcrRef>170613CH01WWAEO7</AcctSvcrRef><EndToEndId>NOTPROVIDED</EndToEndId><Prtry><Tp>01</Tp><Ref>170613CH01WWAEO7</Ref></Prtry></Refs><Amt Ccy="CHF">300.00</Amt><CdtDbtInd>CRDT</CdtDbtInd><BkTxCd><Domn><Cd>PMNT</Cd><Fmly><Cd>RCDT</Cd><SubFmlyCd>ATXN</SubFmlyCd></Fmly></Domn></BkTxCd><RltdPties><Dbtr><Nm>NOTPROVIDED</Nm></Dbtr></RltdPties><RltdAgts><DbtrAgt><FinInstnId><ClrSysMmbId><MmbId>4835</MmbId></ClrSysMmbId><Nm>Credit Suisse (Schweiz) AG</Nm><PstlAdr><AdrLine>Paradeplatz 8</AdrLine><AdrLine>8070 Zürich</AdrLine></PstlAdr></FinInstnId></DbtrAgt></RltdAgts><RmtInf><Strd><CdtrRefInf><Tp><CdOrPrtry><Prtry>ISR Reference</Prtry></CdOrPrtry></Tp><Ref>000000000120170102091705302</Ref></CdtrRefInf><AddtlRmtInf>?REJECT?0</AddtlRmtInf></Strd></RmtInf><RltdDts><AccptncDtTm>2017-06-13T20:00:00</AccptncDtTm></RltdDts></TxDtls><TxDtls><Refs><AcctSvcrRef>170613CH01WW582P</AcctSvcrRef><EndToEndId>NOTPROVIDED</EndToEndId><Prtry><Tp>01</Tp><Ref>170613CH01WW582P</Ref></Prtry></Refs><Amt Ccy="CHF">300.00</Amt><CdtDbtInd>CRDT</CdtDbtInd><BkTxCd><Domn><Cd>PMNT</Cd><Fmly><Cd>RCDT</Cd><SubFmlyCd>ATXN</SubFmlyCd></Fmly></Domn></BkTxCd><RltdPties><Dbtr><Nm>Fiduciaire Roh + Partenaires SA</Nm><PstlAdr><AdrLine>Route de la Drague 18</AdrLine><AdrLine>1950 Sion</AdrLine></PstlAdr></Dbtr><DbtrAcct><Id><IBAN>CH7580572000014297102</IBAN></Id></DbtrAcct></RltdPties><RltdAgts><DbtrAgt><FinInstnId><ClrSysMmbId><MmbId>80572</MmbId></ClrSysMmbId><Nm>Banque Raiffeisen Sion et Région</Nm><PstlAdr><AdrLine>Avenue de la Gare 6</AdrLine><AdrLine>1950 Sion</AdrLine></PstlAdr></FinInstnId></DbtrAgt></RltdAgts><RmtInf><Strd><CdtrRefInf><Tp><CdOrPrtry><Prtry>ISR Reference</Prtry></CdOrPrtry></Tp><Ref>000000000120170101791705305</Ref></CdtrRefInf><AddtlRmtInf>?REJECT?0</AddtlRmtInf></Strd></RmtInf><RltdDts><AccptncDtTm>2017-06-13T20:00:00</AccptncDtTm></RltdDts></TxDtls><TxDtls><Refs><AcctSvcrRef>170613CH01WW1C3O</AcctSvcrRef><EndToEndId>PL-86619649-11</EndToEndId><Prtry><Tp>01</Tp><Ref>170613CH01WW1C3O</Ref></Prtry></Refs><Amt Ccy="CHF">100.00</Amt><CdtDbtInd>CRDT</CdtDbtInd><BkTxCd><Domn><Cd>PMNT</Cd><Fmly><Cd>RCDT</Cd><SubFmlyCd>ATXN</SubFmlyCd></Fmly></Domn></BkTxCd><RltdPties><Dbtr><Nm>M. Dominique Dayer et-ou Mme</Nm><PstlAdr><AdrLine>Nadia Dayer</AdrLine><AdrLine>CH/CRESCHZZ/027002321411</AdrLine></PstlAdr></Dbtr><DbtrAcct><Id><IBAN>CH5804835023214110000</IBAN></Id></DbtrAcct></RltdPties><RltdAgts><DbtrAgt><FinInstnId><ClrSysMmbId><MmbId>4835</MmbId></ClrSysMmbId><Nm>Credit Suisse (Schweiz) AG</Nm><PstlAdr><AdrLine>Paradeplatz 8</AdrLine><AdrLine>8070 Zürich</AdrLine></PstlAdr></FinInstnId></DbtrAgt></RltdAgts><RmtInf><Strd><CdtrRefInf><Tp><CdOrPrtry><Prtry>ISR Reference</Prtry></CdOrPrtry></Tp><Ref>000000000120170100771705268</Ref></CdtrRefInf><AddtlRmtInf>?REJECT?0</AddtlRmtInf></Strd></RmtInf><RltdDts><AccptncDtTm>2017-06-13T20:00:00</AccptncDtTm></RltdDts></TxDtls></NtryDtls><AddtlNtryInf>CRÉDIT GROUPÉ BVR                       TRAITEMENT DU 13.06.2017                NUMÉRO CLIENT 01-103743-4               PAQUET ID: 170613CH000002OB</AddtlNtryInf></Ntry></Ntfctn></BkToCstmrDbtCdtNtfctn></Document>